<record><leader>00000cas a2200000 a 4500</leader><controlfield tag="001">28688255</controlfield><controlfield tag="008">930824d18891969iluwr ne      0   a0eng c</controlfield><datafield ind1=" " ind2=" " tag="010"><subfield code="a">sn 93055959 </subfield></datafield><datafield ind1=" " ind2=" " tag="040"><subfield code="a">NVF</subfield><subfield code="b">eng</subfield><subfield code="c">NVF</subfield><subfield code="d">OCLCQ</subfield><subfield code="d">NVF</subfield><subfield code="d">OCLCF</subfield><subfield code="d">OCLCO</subfield><subfield code="d">NVF</subfield></datafield><datafield ind1=" " ind2=" " tag="042"><subfield code="a">pcc</subfield></datafield><datafield ind1=" " ind2=" " tag="043"><subfield code="a">n-us-il</subfield></datafield><datafield ind1="0" ind2="4" tag="245"><subfield code="a">The Orangeville courier.</subfield></datafield><datafield ind1="1" ind2=" " tag="246"><subfield code="i">Published as:</subfield><subfield code="a">Courier</subfield><subfield code="f">Jan. 18-Mar. 21, 1896</subfield></datafield><datafield ind1=" " ind2=" " tag="260"><subfield code="a">Orangeville, Ill. :</subfield><subfield code="b">L.I. Hutchins,</subfield><subfield code="c">1889-1969.</subfield></datafield><datafield ind1=" " ind2=" " tag="300"><subfield code="a">v.</subfield></datafield><datafield ind1=" " ind2=" " tag="310"><subfield code="a">Weekly</subfield></datafield><datafield ind1="0" ind2=" " tag="362"><subfield code="a">Vol. 1, no. 1 (Mar. 16, 1889)-v. 1, no. 2 (Mar. 23, 1889) ; v. 6, no. 2 [i.e. no. 3] (Mar. 30, 1889)-v. 82, no. 25 (Jan. 3, 1969).</subfield></datafield><datafield ind1=" " ind2=" " tag="515"><subfield code="a">Issues for &lt;Feb. 11, 1938&gt;-Jan. 3, 1969 called also &lt;whole no. 2814&gt;-4237.</subfield></datafield><datafield ind1=" " ind2=" " tag="580"><subfield code="a">Merged with: German Valley bulletin, and: Winslow register, and: Davis leader, to form: Scope (Davis, Ill.).</subfield></datafield><datafield ind1=" " ind2="0" tag="651"><subfield code="a">Orangeville (Ill.)</subfield><subfield code="v">Newspapers.</subfield></datafield><datafield ind1=" " ind2="7" tag="651"><subfield code="a">Illinois</subfield><subfield code="z">Orangeville.</subfield><subfield code="2">fast</subfield><subfield code="0">(OCoLC)fst01294450</subfield></datafield><datafield ind1=" " ind2="7" tag="655"><subfield code="a">Newspapers.</subfield><subfield code="2">fast</subfield><subfield code="0">(OCoLC)fst01423814</subfield></datafield><datafield ind1=" " ind2=" " tag="752"><subfield code="a">United States</subfield><subfield code="b">Illinois</subfield><subfield code="c">Stephenson County</subfield><subfield code="d">Orangeville.</subfield></datafield><datafield ind1="0" ind2="0" tag="780"><subfield code="t">Alert (Orangeville, Ill.)</subfield></datafield><datafield ind1="1" ind2="7" tag="785"><subfield code="t">German Valley bulletin</subfield><subfield code="w">(DLC)sn 93055958</subfield><subfield code="w">(OCoLC)28688199</subfield></datafield><datafield ind1="1" ind2="7" tag="785"><subfield code="t">Winslow register</subfield><subfield code="w">(DLC)sn 93055960</subfield><subfield code="w">(OCoLC)28704409</subfield></datafield><datafield ind1="1" ind2="7" tag="785"><subfield code="t">Davis leader</subfield><subfield code="w">(DLC)sn 94054276</subfield><subfield code="w">(OCoLC)29676562</subfield></datafield><datafield ind1="1" ind2="7" tag="785"><subfield code="t">Scope (Davis, Ill.)</subfield><subfield code="w">(DLC)sn 98063210</subfield><subfield code="w">(OCoLC)38483336</subfield></datafield><datafield ind1="1" ind2=" " tag="029"><subfield code="a">AU@</subfield><subfield code="b">000025850683</subfield></datafield></record>